@online{cush:standard-model,
  author = {{Cush}},
  title  = {Standard Model of Elementary Particles},
  year   = {2018},
  url    = {https://commons.wikimedia.org/wiki/File:Standard_Model_of_Elementary_Particles_Anti.svg},
  urldate = {2025-07-13},
  note   = {Public domain image, Wikimedia Commons}
}

@article{Freedman1981,
  author = {Freedman, David and Diaconis, Persi},
  title = {On the histogram as a density estimator: {L2} theory},
  journal = {Zeitschrift f{\"u}r Wahrscheinlichkeitstheorie und Verwandte Gebiete},
  volume = {57},
  number = {4},
  pages = {453--476},
  year = {1981},
  month = {12},
  issn = {1432-2064},
  doi = {10.1007/BF01025868},
  url = {https://doi.org/10.1007/BF01025868}
}

@misc{hammad2024artificialneuralnetworkdeep,
      title={Artificial Neural Network and Deep Learning: Fundamentals and Theory}, 
      author={M. M. Hammad},
      year={2024},
      eprint={2408.16002},
      archivePrefix={arXiv},
      primaryClass={cs.LG},
      url={https://arxiv.org/abs/2408.16002}, 
}

@article{Mobs:2636343,
      author        = "Mobs, Esma",
      title         = "{The CERN accelerator complex - August 2018}",
      year          = "2018",
      url           = "https://cds.cern.ch/record/2636343",
      note          = "General Photo",
}

@misc{pich2012standardmodelelectroweakinteractions,
      title={The Standard Model of Electroweak Interactions}, 
      author={Antonio Pich},
      year={2012},
      eprint={1201.0537},
      archivePrefix={arXiv},
      primaryClass={hep-ph},
      url={https://arxiv.org/abs/1201.0537}, 
}

@misc{xu2023probabilisticcategoricaladversarialattack,
      title={Probabilistic Categorical Adversarial Attack \& Adversarial Training}, 
      author={Han Xu and Pengfei He and Jie Ren and Yuxuan Wan and Zitao Liu and Hui Liu and Jiliang Tang},
      year={2023},
      eprint={2210.09364},
      archivePrefix={arXiv},
      primaryClass={cs.LG},
      url={https://arxiv.org/abs/2210.09364}, 
}

@article{CMS,
   title={Development of the CMS detector for the CERN LHC Run~3},
   volume={19},
   ISSN={1748-0221},
   url={http://dx.doi.org/10.1088/1748-0221/19/05/P05064},
   DOI={10.1088/1748-0221/19/05/p05064},
   number={05},
   journal={Journal of Instrumentation},
   publisher={IOP Publishing},
   author={The CMS Collaboration},
   year={2024},
   month=may, pages={P05064} 
}


@article{Evans:2008zzb,
    editor = "Evans, Lyndon and Bryant, Philip",
    title = "{LHC Machine}",
    doi = "10.1088/1748-0221/3/08/S08001",
    journal = "JINST",
    volume = "3",
    pages = "S08001",
    year = "2008"
}

@article{Khalaf:2025grv,
    author = "Khalaf, Omar M. and Hamed, Ahmed M.",
    title = "{Particle Identification with Deep Neural Networks Across Collision Energies in Simulated Proton-Proton Collisions}",
    eprint = "2505.06732",
    archivePrefix = "arXiv",
    primaryClass = "hep-ex",
    month = "5",
    year = "2025"
}

@misc{sonneveld2025susyhighlightscurrentresults,
      title={SUSY Highlights: Current Results and Future Prospects}, 
      author={Jory Sonneveld},
      year={2025},
      eprint={2507.16400},
      archivePrefix={arXiv},
      primaryClass={hep-ex},
      url={https://arxiv.org/abs/2507.16400}, 
}

@article{Hayrapetyan_2024,
   title={Performance of the CMS high-level trigger during LHC Run 2},
   volume={19},
   ISSN={1748-0221},
   url={http://dx.doi.org/10.1088/1748-0221/19/11/P11021},
   DOI={10.1088/1748-0221/19/11/p11021},
   number={11},
   journal={Journal of Instrumentation},
   publisher={IOP Publishing},
   author={The CMS Collaboration},
   year={2024},
   month=nov, pages={P11021} }


@article{Chatrchyan_2012,
   title={Observation of a new boson at a mass of 125 GeV with the CMS experiment at the LHC},
   volume={716},
   ISSN={0370-2693},
   url={http://dx.doi.org/10.1016/j.physletb.2012.08.021},
   DOI={10.1016/j.physletb.2012.08.021},
   number={1},
   journal={Physics Letters B},
   publisher={Elsevier BV},
   author={The CMS Collaboration},
   year={2012},
   month=sep, pages={30–61} }

@misc{hoecker2009tmvatoolkitmultivariate,
      title={TMVA - Toolkit for Multivariate Data Analysis}, 
      author={A. Hoecker and P. Speckmayer and J. Stelzer and J. Therhaag and E. von Toerne and H. Voss and M. Backes and T. Carli and O. Cohen and A. Christov and D. Dannheim and K. Danielowski and S. Henrot-Versille and M. Jachowski and K. Kraszewski and A. Krasznahorkay Jr. and M. Kruk and Y. Mahalalel and R. Ospanov and X. Prudent and A. Robert and D. Schouten and F. Tegenfeldt and A. Voigt and K. Voss and M. Wolter and A. Zemla},
      year={2009},
      eprint={physics/0703039},
      archivePrefix={arXiv},
      primaryClass={physics.data-an},
      url={https://arxiv.org/abs/physics/0703039}, 
}

@article{Chatrychan_2008,
doi = {10.1088/1748-0221/3/08/S08004},
url = {https://dx.doi.org/10.1088/1748-0221/3/08/S08004},
year = {2008},
month = {aug},
publisher = {},
volume = {3},
number = {08},
pages = {S08004},
author = {The CMS Collaboration},
title = {The CMS experiment at the CERN LHC},
journal = {Journal of Instrumentation},
}


@article{Khachatryan_2017,
   title={The CMS trigger system},
   volume={12},
   ISSN={1748-0221},
   url={http://dx.doi.org/10.1088/1748-0221/12/01/P01020},
   DOI={10.1088/1748-0221/12/01/p01020},
   number={01},
   journal={Journal of Instrumentation},
   publisher={IOP Publishing},
   author={The CMS Collaboration},
   year={2017},
   month=jan, pages={P01020–P01020} }



@misc{yang2018greedyattackgumbelattack,
      title={Greedy Attack and Gumbel Attack: Generating Adversarial Examples for Discrete Data}, 
      author={Puyudi Yang and Jianbo Chen and Cho-Jui Hsieh and Jane-Ling Wang and Michael I. Jordan},
      year={2018},
      eprint={1805.12316},
      archivePrefix={arXiv},
      primaryClass={cs.LG},
      url={https://arxiv.org/abs/1805.12316}, 
}

@article{CMS-DP-2024-020,
      collaboration = "CMS",
      title         = "{b-hive: a modular training framework for state-of-the-art
                       object-tagging within the Python ecosystem at the CMS
                       experiment}",
      year          = "2024",
      url           = "https://cds.cern.ch/record/2896100",
}

@article{Sirunyan_2017,
   title={Particle-flow reconstruction and global event description with the CMS detector},
   volume={12},
   ISSN={1748-0221},
   url={http://dx.doi.org/10.1088/1748-0221/12/10/P10003},
   DOI={10.1088/1748-0221/12/10/p10003},
   number={10},
   journal={Journal of Instrumentation},
   publisher={IOP Publishing},
   author={The CMS Collaboration},
   year={2017},
   month=oct, pages={P10003–P10003} }


@article{Stein2022,
  author       = {Stein, Annika and Coubez, Xavier and Mondal, Spandan and Novak, Andrzej and Schmidt, Alexander},
  title        = {Improving Robustness of Jet Tagging Algorithms with Adversarial Training},
  journal      = {Computing and Software for Big Science},
  volume       = {6},
  number       = {1},
  pages        = {15},
  year         = {2022},
  doi          = {10.1007/s41781-022-00087-1},
  url          = {https://doi.org/10.1007/s41781-022-00087-1},
  issn         = {2510-2044},
  abstract     = {Deep learning is a standard tool in the field of high-energy physics analyses, but adversarial attacks highlight vulnerabilities. Adversarial training is a promising approach to reduce the vulnerability to poor modeling.},
}

@article{PhysRevD.112.016004,
  title = {Enhancing generalization in high-energy physics using white-box adversarial attacks},
  author = {Rothen, Franck and Klein, Samuel and Leigh, Matthew and Golling, Tobias},
  journal = {Phys. Rev. D},
  volume = {112},
  issue = {1},
  pages = {016004},
  numpages = {14},
  year = {2025},
  month = {Jul},
  publisher = {American Physical Society},
  doi = {10.1103/PhysRevD.112.016004},
  url = {https://link.aps.org/doi/10.1103/PhysRevD.112.016004}
}

@inproceedings{Bardhan:2024ibw,
    author = "Bardhan, Jai and Neeraj, Cyrin and Mitra, Subhadip and Mandal, Tanumoy",
    title = "{Loss function to optimise signal significance in particle physics}",
    booktitle = "{38th conference on Neural Information Processing Systems}",
    eprint = "2412.09500",
    archivePrefix = "arXiv",
    primaryClass = "hep-ph",
    month = "12",
    year = "2024"
}

@misc{goodfellow2015explainingharnessingadversarialexamples,
      title={Explaining and Harnessing Adversarial Examples}, 
      author={Ian J. Goodfellow and Jonathon Shlens and Christian Szegedy},
      year={2015},
      eprint={1412.6572},
      archivePrefix={arXiv},
      primaryClass={stat.ML},
      url={https://arxiv.org/abs/1412.6572}, 
}

@misc{madry2019deeplearningmodelsresistant,
      title={Towards Deep Learning Models Resistant to Adversarial Attacks}, 
      author={Aleksander Madry and Aleksandar Makelov and Ludwig Schmidt and Dimitris Tsipras and Adrian Vladu},
      year={2019},
      eprint={1706.06083},
      archivePrefix={arXiv},
      primaryClass={stat.ML},
      url={https://arxiv.org/abs/1706.06083}, 
}

@article{Bols_2020,
doi = {10.1088/1748-0221/15/12/P12012},
url = {https://dx.doi.org/10.1088/1748-0221/15/12/P12012},
year = {2020},
month = {dec},
publisher = {},
volume = {15},
number = {12},
pages = {P12012},
author = {Bols, E. and Kieseler, J. and Verzetti, M. and Stoye, M. and Stakia, A.},
title = {Jet flavour classification using DeepJet},
journal = {Journal of Instrumentation},
abstract = {Jet flavour classification is of paramount importance for a   broad range of applications in modern-day high-energy-physics   experiments, particularly at the LHC. In this paper we propose a   novel architecture for this task that exploits modern deep learning   techniques. This new model, called DeepJet, overcomes the   limitations in input size that affected previous approaches. As a   result, the heavy flavour classification performance improves, and   the model is extended to also perform quark-gluon tagging.}
}

@book{Goodfellow-et-al-2016,
  added-at = {2017-03-13T20:27:27.000+0100},
  author = {Goodfellow, Ian and Bengio, Yoshua and Courville, Aaron},
  biburl = {https://www.bibsonomy.org/bibtex/2175f81afff897a68829e4d30c080a8fb/hotho},
  interhash = {62814dec510d5c55b0b38ad85a6c748d},
  intrahash = {175f81afff897a68829e4d30c080a8fb},
  keywords = {book deep learning toread},
  note = {Book in preparation for MIT Press},
  publisher = {MIT Press},
  timestamp = {2017-04-14T13:44:20.000+0200},
  title = {Deep Learning},
  url = {http://www.deeplearningbook.org},
  year = 2016
}


@book{doi:10.1142/12294,
author = {Erdmann, Martin and Glombitza, Jonas and Kasieczka, Gregor and Klemradt, Uwe},
title = {Deep Learning for Physics Research},
publisher = {WORLD SCIENTIFIC},
year = {2021},
doi = {10.1142/12294},
address = {},
edition   = {},
URL = {https://www.worldscientific.com/doi/abs/10.1142/12294},
eprint = {https://www.worldscientific.com/doi/pdf/10.1142/12294}
}

@misc{albertsson2019machinelearninghighenergy,
      title={Machine Learning in High Energy Physics Community White Paper}, 
      author={Kim Albertsson and Piero Altoe and Dustin Anderson and John Anderson and Michael Andrews and Juan Pedro Araque Espinosa and Adam Aurisano and Laurent Basara and Adrian Bevan and Wahid Bhimji and Daniele Bonacorsi and Bjorn Burkle and Paolo Calafiura and Mario Campanelli and Louis Capps and Federico Carminati and Stefano Carrazza and Yi-fan Chen and Taylor Childers and Yann Coadou and Elias Coniavitis and Kyle Cranmer and Claire David and Douglas Davis and Andrea De Simone and Javier Duarte and Martin Erdmann and Jonas Eschle and Amir Farbin and Matthew Feickert and Nuno Filipe Castro and Conor Fitzpatrick and Michele Floris and Alessandra Forti and Jordi Garra-Tico and Jochen Gemmler and Maria Girone and Paul Glaysher and Sergei Gleyzer and Vladimir Gligorov and Tobias Golling and Jonas Graw and Lindsey Gray and Dick Greenwood and Thomas Hacker and John Harvey and Benedikt Hegner and Lukas Heinrich and Ulrich Heintz and Ben Hooberman and Johannes Junggeburth and Michael Kagan and Meghan Kane and Konstantin Kanishchev and Przemysław Karpiński and Zahari Kassabov and Gaurav Kaul and Dorian Kcira and Thomas Keck and Alexei Klimentov and Jim Kowalkowski and Luke Kreczko and Alexander Kurepin and Rob Kutschke and Valentin Kuznetsov and Nicolas Köhler and Igor Lakomov and Kevin Lannon and Mario Lassnig and Antonio Limosani and Gilles Louppe and Aashrita Mangu and Pere Mato and Narain Meenakshi and Helge Meinhard and Dario Menasce and Lorenzo Moneta and Seth Moortgat and Mark Neubauer and Harvey Newman and Sydney Otten and Hans Pabst and Michela Paganini and Manfred Paulini and Gabriel Perdue and Uzziel Perez and Attilio Picazio and Jim Pivarski and Harrison Prosper and Fernanda Psihas and Alexander Radovic and Ryan Reece and Aurelius Rinkevicius and Eduardo Rodrigues and Jamal Rorie and David Rousseau and Aaron Sauers and Steven Schramm and Ariel Schwartzman and Horst Severini and Paul Seyfert and Filip Siroky and Konstantin Skazytkin and Mike Sokoloff and Graeme Stewart and Bob Stienen and Ian Stockdale and Giles Strong and Wei Sun and Savannah Thais and Karen Tomko and Eli Upfal and Emanuele Usai and Andrey Ustyuzhanin and Martin Vala and Justin Vasel and Sofia Vallecorsa and Mauro Verzetti and Xavier Vilasís-Cardona and Jean-Roch Vlimant and Ilija Vukotic and Sean-Jiun Wang and Gordon Watts and Michael Williams and Wenjing Wu and Stefan Wunsch and Kun Yang and Omar Zapata},
      year={2019},
      eprint={1807.02876},
      archivePrefix={arXiv},
      primaryClass={physics.comp-ph},
      url={https://arxiv.org/abs/1807.02876}, 
}

@article{Guest_2018,
   title={Deep Learning and Its Application to LHC Physics},
   volume={68},
   ISSN={1545-4134},
   url={http://dx.doi.org/10.1146/annurev-nucl-101917-021019},
   DOI={10.1146/annurev-nucl-101917-021019},
   number={1},
   journal={Annual Review of Nuclear and Particle Science},
   publisher={Annual Reviews},
   author={Guest, Dan and Cranmer, Kyle and Whiteson, Daniel},
   year={2018},
   month=oct, pages={161–181} }

@article{de_Oliveira_2016,
   title={Jet-images — deep learning edition},
   volume={2016},
   ISSN={1029-8479},
   url={http://dx.doi.org/10.1007/JHEP07(2016)069},
   DOI={10.1007/jhep07(2016)069},
   number={7},
   journal={Journal of High Energy Physics},
   publisher={Springer Science and Business Media LLC},
   author={de Oliveira, Luke and Kagan, Michael and Mackey, Lester and Nachman, Benjamin and Schwartzman, Ariel},
   year={2016},
   month=jul }

@misc{saala2025enforcingfundamentalrelationsadversarial,
      title={Enforcing Fundamental Relations via Adversarial Attacks on Input Parameter Correlations}, 
      author={Timo Saala and Lucie Flek and Alexander Jung and Akbar Karimi and Alexander Schmidt and Matthias Schott and Philipp Soldin and Christopher Wiebusch},
      year={2025},
      eprint={2501.05588},
      archivePrefix={arXiv},
      primaryClass={cs.LG},
      url={https://arxiv.org/abs/2501.05588}, 
}

@article{Tumasyan_2022,
   title={A new calibration method for charm jet identification validated with proton-proton collision events at $\sqrt{s} = 13 TeV$},
   volume={17},
   ISSN={1748-0221},
   url={http://dx.doi.org/10.1088/1748-0221/17/03/P03014},
   DOI={10.1088/1748-0221/17/03/p03014},
   number={03},
   journal={Journal of Instrumentation},
   publisher={IOP Publishing},
   author={CMS Collaboration},
   year={2022},
   month=mar, pages={P03014} }

@article{ATLAS:2018ibz,
    collaboration = "ATLAS",
    title = "{Performance of mass-decorrelated jet substructure observables for hadronic two-body decay tagging in ATLAS}",
    reportNumber = "ATL-PHYS-PUB-2018-014",
    author = "ATLAS Collaboration",
    year = "2018"
}

@article{PhysRevLett.121.121801,
  title = {Observation of Higgs Boson Decay to Bottom Quarks},
  author = {The CMS Collaboration.},
  collaboration = {CMS Collaboration},
  journal = {Phys. Rev. Lett.},
  volume = {121},
  issue = {12},
  pages = {121801},
  numpages = {20},
  year = {2018},
  month = {Sep},
  publisher = {American Physical Society},
  doi = {10.1103/PhysRevLett.121.121801},
  url = {https://link.aps.org/doi/10.1103/PhysRevLett.121.121801}
}
